<?xml version="1.0" encoding="UTF-8"?><record xmlns="http://www.loc.gov/MARC21/slim" xmlns:cinclude="http://apache.org/cocoon/include/1.0" xmlns:zs="http://www.loc.gov/zing/srw/">
  <leader>00723cz  a2200169n  4500</leader>
  <controlfield tag="001">nr 00012447 </controlfield>
  <controlfield tag="003">DLC</controlfield>
  <controlfield tag="005">20040526053544.0</controlfield>
  <controlfield tag="008">000411n| acannaabn          |a aaa     c</controlfield>
  <datafield tag="010" ind1=" " ind2=" ">
    <subfield code="a">nr 00012447 </subfield>
  </datafield>
  <datafield tag="035" ind1=" " ind2=" ">
    <subfield code="a">(OCoLC)oca05198750</subfield>
  </datafield>
  <datafield tag="040" ind1=" " ind2=" ">
    <subfield code="a">NIC</subfield>
    <subfield code="b">eng</subfield>
    <subfield code="c">NIC</subfield>
    <subfield code="d">DLC-OI</subfield>
  </datafield>
  <datafield tag="100" ind1="1" ind2=" ">
    <subfield code="a">Hafidhuddin, Didin,</subfield>
    <subfield code="d">1951-</subfield>
  </datafield>
  <datafield tag="400" ind1="0" ind2=" ">
    <subfield code="a">Didin Hafidhuddin,</subfield>
    <subfield code="d">1951-</subfield>
  </datafield>
  <datafield tag="400" ind1="0" ind2=" ">
    <subfield code="a">Kiai Haji Didin Hafidhuddin,</subfield>
    <subfield code="d">1951-</subfield>
  </datafield>
  <datafield tag="670" ind1=" " ind2=" ">
    <subfield code="a">Mudzakaroh tentang Indonesia masa depan, 1999?:</subfield>
    <subfield code="b">sound cassette (KH. Didin Hafidhuddin, MS) sound cassette container insert (Bpk. KH. Didin Hafidhuddin, MS; calon Presiden RI dari Partai Keadilan; KH. Drs. Didin Hafidhuddin, MS; b. 1951)</subfield>
  </datafield>
  <datafield tag="670" ind1=" " ind2=" ">
    <subfield code="a">Islam aplikatif, 2003:</subfield>
    <subfield code="b">t.p. (Dr. K.H. Didin Hafidhuddin, M.Sc.)</subfield>
  </datafield>
</record>